% This file was created with JabRef 2.9.2.
% Encoding: Cp1252

@BOOK{martin2008clean,
  title = {Clean Code: A Handbook of Agile Software Craftsmanship},
  publisher = {Pearson Education},
  year = {2008},
  author = {Martin, R.C.},
  isbn = {9780136083252},
  url = {http://books.google.at/books?id=\_i6bDeoCQzsC}
}

@BOOK{Meyers2011,
  title = {Effektiv C++ programmieren},
  publisher = {Addison-Wesley},
  year = {2011},
  author = {Scott Meyers},
  edition = {3},
  owner = {matts_000},
  timestamp = {2013.06.03}
}

@MISC{cppRef,
  title = {Cpp-Reference (\url{http://www.cplusplus.com/})},
  howpublished = {zuletzt besucht 03.06.2013 21:57},
  owner = {matts_000},
  timestamp = {2013.06.03},
  url = {http://www.cplusplus.com/}
}

@MISC{stackOv,
  title = {Stackoverflow (\url{http://www.stackoverflow.com/})},
  howpublished = {zuletzt besucht 03.06.2013 20:53},
  owner = {matts_000},
  timestamp = {2013.06.03},
  url = {http://www.stackoverflow.com}
}

